@misc{graysonschubert2,
  title={Schubert2 - A Macaulay2 package for computation in intersection theory, 2010},
  author={Grayson, Daniel R and Stillman, Michael E and Str{\o}mme, Stein A and Eisenbud, David and Crissman, Charley}
}

@misc{katz1992schubert,
  title={\texttt{Schubert} - A Maple package for intersection theory and enumerative geometry},
  author={Sheldon Katz and Stein A. Str{\o}mme},
  journal={}, 
  url={https://github.com/jmokland/schubert},
  year={1992}
}

@misc{buch2008qcalc,
  title={\texttt{qcalc} - Quantum Calculator (the Maple package)},
  author={Anders Skovsted Buch},
  journal={}, url={https://sites.math.rutgers.edu/~asbuch/qcalc/},
  year={2008}
}

@book{schubert1879kalkul,
  title={Kalk{\"u}l der abz{\"a}hlenden Geometrie},
  author={Schubert, Hermann},
  year={1879},
  publisher={BG Teubner}
}

@misc{hiep2014schubert3,
  title={Schubert3 - A {S}age{M}ath package for Intersection theory and enumerative geometry},
  author={Dang Tuan Hiep},
  journal={}, 
  url = {https://github.com/hiepdang/Sage},
  year={2014}
}

@misc{PythonTyping2023,
  author = {{Python Software Foundation}},
  title = {Typing --- Support for type hints},
  year = {2023},
  url = {https://docs.python.org/3/library/typing.html},
  note = {Accessed: 2023-05-01}
}

@misc{PythonUnittestLib,
  author = {{Python Software Foundation}},
  title = {unittest — Unit testing framework},
  year = {2023},
  howpublished = {\url{https://docs.python.org/3/library/unittest.html}},
  note = {Accessed on: 2023-05-01}
}

@software{githubschubertpy,
author = {Dang Tuan Hiep and Tran Duy Thanh and Hoang Minh Duc and Nguyen Truong Thien An},
license = {GNU General Public License},
title = {Source code of SchubertPy on Github},
url = {https://github.com/tranduythanh/schubertpy},
year = {2024},
version = {0.3.22}
}

@misc{githubschubertpylicense,
author = {Dang Tuan Hiep and Tr{\`\acircumflex }n Duy Thanh and Ho{\`a}ng Minh {\DJ }{\'\uhorn }c and Nguy{\~\ecircumflex }n Tr{\uhorn }{\ohorn }ng Thi{\^e}n {\^ A}n},
license = {GNU General Public License},
title = {SchubertPy License},
url = {https://github.com/tranduythanh/schubertpy/blob/main/LICENSE},
year = {2024},
version = {0.3.22}
}

@misc{githubschubertpyissues,
author = {Dang Tuan Hiep and Tr{\`\acircumflex }n Duy Thanh and Ho{\`a}ng Minh {\DJ }{\'\uhorn }c and Nguy{\~\ecircumflex }n Tr{\uhorn }{\ohorn }ng Thi{\^e}n {\^ A}n},
license = {GNU General Public License},
title = {SchubertPy Issues},
url = {https://github.com/tranduythanh/schubertpy/issues},
year = {2024},
version = {0.3.22}
}

@misc{Encyclo_schubert_calculus,
    title = {Schubert Calculus},
    howpublished = {\url{http://encyclopediaofmath.org/index.php?title=Schubert_calculus&oldid=23715}},
    note = {Encyclopedia of Mathematics},
    url = {http://encyclopediaofmath.org/index.php?title=Schubert_calculus&oldid=23715}
}

@manual{sagemath,
  Key          = {SageMath},
  Author       = {{The Sage Developers}},
  Title        = {{S}ageMath, the {S}age {M}athematics {S}oftware {S}ystem ({V}ersion 10.4)},
  url         = {https://www.sagemath.org},
  Year         = {2024},
}

@article{Kontsevich_1994,
   title={Gromov-Witten classes, quantum cohomology, and enumerative geometry},
   volume={164},
   ISSN={1432-0916},
   url={http://dx.doi.org/10.1007/BF02101490},
   DOI={10.1007/bf02101490},
   number={3},
   journal={Communications in Mathematical Physics},
   publisher={Springer Science and Business Media LLC},
   author={Kontsevich, M. and Manin, Yu.},
   year={1994},
   month=aug, pages={525–562} }

@article{BERTRAM1999728,
title = {Quantum Multiplication of Schur Polynomials},
journal = {Journal of Algebra},
volume = {219},
number = {2},
pages = {728-746},
year = {1999},
issn = {0021-8693},
doi = {https://doi.org/10.1006/jabr.1999.7960},
url = {https://www.sciencedirect.com/science/article/pii/S0021869399979607},
author = {Aaron Bertram and Ionuţ Ciocan-Fontanine and William Fulton}
}


@article{ALCO_2018__1_3_327_0,
     author = {Bertiger, Anna and Mili\'cevi\'c, Elizabeth and Taipale, Kaisa},
     title = {Equivariant quantum cohomology of the {Grassmannian} via the rim hook rule},
     journal = {Algebraic Combinatorics},
     pages = {327--352},
     publisher = {MathOA foundation},
     volume = {1},
     number = {3},
     year = {2018},
     doi = {10.5802/alco.14},
     zbl = {06897704},
     mrnumber = {3856527},
     language = {en},
     url = {http://www.numdam.org/articles/10.5802/alco.14/}
}

@article{Gorbounov_2017,
   title={Quantum integrability and generalised quantum Schubert calculus},
   volume={313},
   ISSN={0001-8708},
   url={http://dx.doi.org/10.1016/j.aim.2017.03.030},
   DOI={10.1016/j.aim.2017.03.030},
   journal={Advances in Mathematics},
   publisher={Elsevier BV},
   author={Gorbounov, Vassily and Korff, Christian},
   year={2017},
   month=jun, pages={282–356} }

@misc{bertram1997quantumschubertcalculus,
      title={Quantum Schubert Calculus}, 
      author={Aaron Bertram},
      year={1997},
      eprint={alg-geom/9410024},
      archivePrefix={arXiv},
      primaryClass={alg-geom},
      url={https://arxiv.org/abs/alg-geom/9410024}, 
}

@misc{bertram1997quantummultiplicationschurpolynomials,
      title={Quantum multiplication of Schur polynomials}, 
      author={Aaron Bertram and Ionut Ciocan-Fontanine and William Fulton},
      year={1997},
      eprint={alg-geom/9705024},
      archivePrefix={arXiv},
      primaryClass={alg-geom},
      url={https://arxiv.org/abs/alg-geom/9705024}, 
}

@misc{fulton1997notesstablemapsquantum,
      title={Notes on stable maps and quantum cohomology}, 
      author={W. Fulton and R. Pandharipande},
      year={1997},
      eprint={alg-geom/9608011},
      archivePrefix={arXiv},
      primaryClass={alg-geom},
      url={https://arxiv.org/abs/alg-geom/9608011}, 
}

@misc{witten1993verlindealgebracohomologygrassmannian,
      title={The Verlinde Algebra And The Cohomology Of The Grassmannian}, 
      author={Edward Witten},
      year={1993},
      eprint={hep-th/9312104},
      archivePrefix={arXiv},
      primaryClass={hep-th},
      url={https://arxiv.org/abs/hep-th/9312104}, 
}

@misc{agnihotri1997eigenvaluesproductsunitarymatrices,
      title={Eigenvalues of products of unitary matrices and quantum Schubert calculus}, 
      author={Sharad Agnihotri and Chris Woodward},
      year={1997},
      eprint={alg-geom/9712013},
      archivePrefix={arXiv},
      primaryClass={alg-geom},
      url={https://arxiv.org/abs/alg-geom/9712013}, 
}

@misc{buch2001quantumcohomologygrassmannians,
      title={Quantum cohomology of Grassmannians}, 
      author={Anders Skovsted Buch},
      year={2001},
      eprint={math/0106268},
      archivePrefix={arXiv},
      primaryClass={math.AG},
      url={https://arxiv.org/abs/math/0106268}, 
}

@misc{nlab:gromov-witten_invariants,
  author = {{nLab authors}},
  title = {{{G}}romov-{{W}}itten invariants},
  howpublished = {\url{https://ncatlab.org/nlab/show/Gromov-Witten+invariants}},
  note = {\href{https://ncatlab.org/nlab/revision/Gromov-Witten+invariants/34}{Revision 34}},
  month = may,
  year = 2025
}

@phdthesis{Hiep2014IntersectionTheory,
  author       = {Dang Tuan Hiep},
  title        = {Intersection Theory with Applications to the Computation of Gromov-Witten Invariants},
  school       = {Technische Universität Kaiserslautern},
  year         = {2014},
  type         = {Dissertation},
  note         = {Doktor der Naturwissenschaften (Dr. rer. nat.); Advisors: Prof. Dr. Wolfram Decker, Prof. Dr. Hannah Markwig},
  address      = {Kaiserslautern, Germany},
  month        = jan,
  day          = {24}
}

@phdthesis{Van2024BatBienDaiTap,
  author       = {Nguyễn Thị Mai Vân},
  title        = {Một số bất biến của đa tạp đại số},
  school       = {Trường Đại học Quy Nhơn},
  year         = {2024},
  type         = {Luận án Tiến sĩ},
  address      = {Bình Định, Việt Nam},
  note         = {Chuyên ngành: Đại số và lý thuyết số;
                  Hướng dẫn khoa học: PGS. TS. Đặng Tuấn Hiệp, PGS. TS. Lê Công Trình; 
                  Phản biện: PGS. TS. Đoàn Trung Cường, TS. Trần Quang Hóa, PGS. TS. Nguyễn Thị Hồng Loan}
}

@article{bertram1999quantum,
  title={Quantum multiplication of Schur polynomials},
  author={Bertram, Aaron and Ciocan-Fontanine, Ionuţ and Fulton, William},
  journal={Journal of Algebra},
  volume={219},
  number={2},
  pages={728--746},
  year={1999},
  publisher={Elsevier}
}


%% Phần cài đặt cho tùy chọn literate

\lstset{literate=%
% Vần a
	{á}{{\'a}}1
	{à}{{\`a}}1
	{ạ}{{\d a}}1
	{ả}{{\h a}}1
	{ã}{{\~ a}}1
	%
	{Á}{{\'A}}1
	{À}{{\`A}}1
	{Ạ}{{\d A}}1
	{Ả}{{\h A}}1
	{Ã}{{\~ A}}1
%
% Vần ă
	{ă}{{\u a}}1
	{ắ}{{\'\abreve }}1
	{ằ}{{\`\abreve }}1
	{ặ}{{\d \abreve }}1
	{ẳ}{{\h \abreve }}1
	{ẵ}{{\~\abreve }}1
	%
	{Ă}{{\u A}}1
	{Ắ}{{\'\ABREVE }}1
	{Ằ}{{\`\ABREVE }}1
	{Ặ}{{\d \ABREVE }}1
	{Ẳ}{{\h \ABREVE }}1
	{Ẵ}{{\~\ABREVE }}1
%
% Vần â
	{â}{{\^ a}}1
	{ấ}{{\'\acircumflex }}1
	{ầ}{{\`\acircumflex }}1
	{ậ}{{\d \acircumflex }}1
	{ẩ}{{\h \acircumflex }}1
	{ẫ}{{\~\acircumflex }}1
	 %
	{Â}{{\^ A}}1
	{Ấ}{{\'\ACIRCUMFLEX }}1
	{Ầ}{{\`\ACIRCUMFLEX }}1
	{Ậ}{{\d \ACIRCUMFLEX }}1
	{Ẩ}{{\h \ACIRCUMFLEX }}1
	{Ẫ}{{\~\ACIRCUMFLEX }}1
%
% Vần đ
	{đ}{{\dj }}1
	{Đ}{{\DJ }}1
%
% Vần e
	{é}{{\'e}}1
	{è}{{\`e}}1
	{ẹ}{{\d e}}1
	{ẻ}{{\h e}}1
	{ẽ}{{\~ e}}1
	%
	{É}{{\'E}}1
	{È}{{\`E}}1
	{Ẹ}{{\d E}}1
	{Ẻ}{{\h E}}1
	{Ẽ}{{\~ E}}1
%
% Vần ê
	{ê}{{\^e}}1
	{ế}{{\'\ecircumflex }}1
	{ề}{{\`\ecircumflex }}1
	{ệ}{{\d \ecircumflex }}1
	{ể}{{\h \ecircumflex }}1
	{ễ}{{\~\ecircumflex }}1
	%
	{Ê}{{\^E}}1
	{Ế}{{\'\ECIRCUMFLEX }}1
	{Ề}{{\`\ECIRCUMFLEX }}1
	{Ệ}{{\d \ECIRCUMFLEX }}1
	{Ể}{{\h \ECIRCUMFLEX }}1
	{Ễ}{{\~\ECIRCUMFLEX }}1
%
% Vần i
	{í}{{\'i}}1
	{ì}{{\`\i }}1
	{ị}{{\d i}}1
	{ỉ}{{\h i}}1
	{ĩ}{{\~\i }}1
	%
	{Í}{{\'I}}1
	{Ì}{{\`I}}1
	{Ị}{{\d I}}1
	{Ỉ}{{\h I}}1
	{Ĩ}{{\~I}}1
%
% Vần o
	{ó}{{\'o}}1
	{ò}{{\`o}}1
	{ọ}{{\d o}}1
	{ỏ}{{\h o}}1
	{õ}{{\~o}}1
	%
	{Ó}{{\'O}}1
	{Ò}{{\`O}}1
	{Ọ}{{\d O}}1
	{Ỏ}{{\h O}}1
	{Õ}{{\~O}}1
%
% Vần ô
	{ô}{{\^o}}1
	{ố}{{\'\ocircumflex }}1
	{ồ}{{\`\ocircumflex }}1
	{ộ}{{\d \ocircumflex }}1
	{ổ}{{\h \ocircumflex }}1
	{ỗ}{{\~\ocircumflex }}1
	%
	{Ô}{{\^O}}1
	{Ố}{{\'\OCIRCUMFLEX }}1
	{Ồ}{{\`\OCIRCUMFLEX }}1
	{Ộ}{{\d \OCIRCUMFLEX }}1
	{Ổ}{{\h \OCIRCUMFLEX }}1
	{Ỗ}{{\~\OCIRCUMFLEX }}1
%
% Vần ơ
	{ơ}{{\ohorn }}1
	{ớ}{{\'\ohorn }}1
	{ờ}{{\`\ohorn }}1
	{ợ}{{\d \ohorn }}1
	{ở}{{\h \ohorn }}1
	{ỡ}{{\~\ohorn }}1
	%
	{Ơ}{{\OHORN }}1
	{Ớ}{{\'\OHORN }}1
	{Ờ}{{\`\OHORN }}1
	{Ợ}{{\d \OHORN }}1
	{Ở}{{\h \OHORN }}1
	{Ỡ}{{\~\OHORN }}1
%
% Vần u
	{ú}{{\'u}}1
	{ù}{{\`u}}1
	{ụ}{{\d u}}1
	{ủ}{{\h u}}1
	{ũ}{{\~u}}1
	%
	{Ú}{{\'U}}1
	{Ù}{{\`U}}1
	{Ụ}{{\d U}}1
	{Ủ}{{\h U}}1
	{Ũ}{{\~U}}1
%
% Vần ư
	{ư}{{\uhorn }}1
	{ứ}{{\'\uhorn }}1
	{ừ}{{\`\uhorn }}1
	{ự}{{\d \uhorn }}1
	{ử}{{\h \uhorn }}1
	{ữ}{{\~\uhorn }}1
	%
	{Ư}{{\UHORN }}1
	{Ứ}{{\'\UHORN }}1
	{Ừ}{{\`\UHORN }}1
	{Ự}{{\d \UHORN }}1
	{Ử}{{\h \UHORN }}1
	{Ữ}{{\~\UHORN }}1
%
% Vần y
	{ý}{{\'y}}1
	{ỳ}{{\`y}}1
	{ỵ}{{\d y}}1
	{ỷ}{{\h y}}1
	{ỹ}{{\~y}}1
	%
	{Ý}{{\'Y}}1
	{Ỳ}{{\`Y}}1
	{Ỵ}{{\d Y}}1
	{Ỷ}{{\h Y}}1
	{Ỹ}{{\~Y}}1
}